@article{hofman2018,
  title={Sometimes there is no Income effect},
  author={Hofman, Paul},
  journal={The Journal of Examples},
  volume={1},
  number={1},
  pages={1--2},
  year={2018},
}